@book{Skript,
 abstract = {Das Lehrbuch f{\"u}r Studenten des Faches Chemie im Grundstudium behandelt - je zur H{\"a}lfte - theoretische Grundlagen und anorganische Stoffchemie. Es ist au{\ss}erdem f{\"u}r alle Fachrichtungen wie z.B. Biochemie und Chemieingenieurwissenschaften geeignet, f{\"u}r die solide Grundkenntnisse in anorganischer Chemie notwendig sind. Die graphische Gestaltung dient der Nutzung als Lehrbuch und als Repetitorium zur Pr{\"u}fungsvorbereitung. In der Neuauflage sind alle umwelttechnischen Daten aktualisiert und neu entdeckte Reaktionsmuster aufgenommen worden. Neue Erkl{\"a}rungsmodelle zum Bindungsmechanismus sind mittlerweile wissenschaftlich abgesichert, so dass sie in das Lehrbuch integriert wurden, um den aktuellen Wissensstand auf diesem Gebiet abzubilden


This introductory text book is primarily written for students of chemistry. It treats both theoretical basics and specifically anorganic chemistry. Further, it is suitable for all disciplines, such as Biochemistry and Chemical Engineering, which require a solid basis in anorganic chemistry},
 author = {Breu,J. and  Senker, J. },
 year = {2025},
 title = {Praktikum Pr√§parative Anorganische Chemie},
 pages = {17-30}
}