@book{Skript,
 abstract = {Das Lehrbuch f{\"u}r Studenten des Faches Chemie im Grundstudium behandelt - je zur H{\"a}lfte - theoretische Grundlagen und anorganische Stoffchemie. Es ist au{\ss}erdem f{\"u}r alle Fachrichtungen wie z.B. Biochemie und Chemieingenieurwissenschaften geeignet, f{\"u}r die solide Grundkenntnisse in anorganischer Chemie notwendig sind. Die graphische Gestaltung dient der Nutzung als Lehrbuch und als Repetitorium zur Pr{\"u}fungsvorbereitung. In der Neuauflage sind alle umwelttechnischen Daten aktualisiert und neu entdeckte Reaktionsmuster aufgenommen worden. Neue Erkl{\"a}rungsmodelle zum Bindungsmechanismus sind mittlerweile wissenschaftlich abgesichert, so dass sie in das Lehrbuch integriert wurden, um den aktuellen Wissensstand auf diesem Gebiet abzubilden


This introductory text book is primarily written for students of chemistry. It treats both theoretical basics and specifically anorganic chemistry. Further, it is suitable for all disciplines, such as Biochemistry and Chemical Engineering, which require a solid basis in anorganic chemistry},
 author = {Breu,J. and  Senker, J. },
 year = {2025},
 title = {Praktikum Pr√§parative Anorganische Chemie},
 pages = {55-63;82-88}
}
% This file was created with Citavi 6.19.2.1

@article{Kirkpatrick.1995,
 abstract = {This paper presents a review of the nuclear magnetic resonance (NMR) data for phosphate and phosphate-containing glasses obtained primarily within the past 10 years and of the structural interpretations based on those data. Compositions discussed include P2O5, alkali and alkaline earth phosphates, aluminophosphates, borophosphates, fluorophosphates, and phosphate-containing silicate and aluminosilicate glasses. 31P NMR data, in conjunction with 27Al, 29Si, 11B, 7Li, and 23Na data if appropriate, have proven very powerful in providing direct evidence about the local structural environments present in the these materials and in many cases have allowed interpretation of the physical and chemical behavior of these glasses in terms of polyhedral structures.},
 author = {Kirkpatrick, R. J. and Brow, R. K.},
 year = {1995},
 title = {Nuclear magnetic resonance investigation of the structures of phosphate and phosphate-containing glasses: a review},
 pages = {9--21},
 volume = {5},
 number = {1},
 issn = {0926-2040},
 journal = {Solid state nuclear magnetic resonance},
 doi = {10.1016/0926-2040(95)00042-o}
}



